%% This BibTeX bibliography file was created using BibDesk.
%% http://www.cs.ucsd.edu/~mmccrack/bibdesk.html


%% Created for Joseph C. Slater at 2015-12-21 08:17:39 -0500 


%% Saved with string encoding Unicode (UTF-8) 



@book{Nayfeh:1995,
	Address = {New York},
	Annote = {LDR    01465cam  2200337 a 4500
001    2067244
005    20130606142335.0
008    940622s1995    nyua     b    001 0 eng  
035    $9(DLC)   94003659
906    $a7$bcbc$corignew$d1$eocip$f19$gy-gencatlg
955    $apc16 to ja00 06-22-94; jd07 06-23-94; jd05 06-23-94; jd85 06-21-94; bk recd jb00 03-13-95; CIP ver jb04 06-16-95
010    $a   94003659 
020    $a0471593486
040    $aDLC$cDLC$dDLC
050 00 $aQA845$b.N39 1995
082 00 $a515/.352$220
100 1  $aNayfeh, Ali Hasan,$d1933-
245 10 $aApplied nonlinear dynamics :$banalytical, computational, and experimental methods /$cAli H. Nayfeh, Balakumar Balachandran.
260    $aNew York :$bWiley,$cc1995.
300    $axv, 685 p. :$bill. ;$c25 cm.
440  0 $aWiley series in nonlinear science
500    $a"A Wiley-Interscience publication."
504    $aIncludes bibliographical references (p. 589-661) and index.
650  0 $aDynamics.
650  0 $aNonlinear theories.
700 1  $aBalachandran, Balakumar.
856 42 $3Contributor biographical information$uhttp://www.loc.gov/catdir/bios/wiley041/94003659.html
856 42 $3Publisher description$uhttp://www.loc.gov/catdir/description/wiley032/94003659.html
856 4  $3Table of Contents$uhttp://www.loc.gov/catdir/toc/onix03/94003659.html
920    $a** LC HAS REQ'D # OF SHELF COPIES **
991    $bc-GenColl$hQA845$i.N39 1994$p00035777751$tCopy 1$wBOOKS
},
	Author = {Nayfeh, Ali Hasan and Balachandran, Balakumar},
	Call-Number = {QA845},
	Date-Added = {2015-12-21 13:15:45 +0000},
	Date-Modified = {2015-12-21 13:15:45 +0000},
	Dewey-Call-Number = {515/.352},
	Genre = {Dynamics},
	Isbn = {0471593486},
	Library-Id = {94003659},
	Publisher = {Wiley},
	Title = {Applied nonlinear dynamics: analytical, computational, and experimental methods},
	Url = {http://www.loc.gov/catdir/bios/wiley041/94003659.html},
	Year = {1995},
	Bdsk-Url-1 = {http://www.loc.gov/catdir/bios/wiley041/94003659.html}}

@book{Nayfeh1995,
	Author = {Nayfeh, Ali Hasan and Mook, Dean T},
	Booktitle = {Nonlinear Oscillations},
	Date-Added = {2015-12-21 13:14:50 +0000},
	Date-Modified = {2015-12-21 13:14:50 +0000},
	Publisher = {Wiley-Interscience},
	Title = {Nonlinear Oscillations},
	Year = {1995}}
